---
---

@article{nuismer2018coevolution,
  title={Coevolution slows the disassembly of mutualistic networks},
  author={Nuismer, Scott L and Week, Bob and Aizen, Marcelo A},
  journal={The American Naturalist},
  volume={192},
  number={4},
  pages={490--502},
  year={2018},
  publisher={University of Chicago Press Chicago, IL}
}

@article{week2019measurement,
  title={The measurement of coevolution in the wild},
  author={Week, Bob and Nuismer, Scott L},
  journal={Ecology letters},
  volume={22},
  number={4},
  pages={717--725},
  year={2019}
}

@article{nuismer2019approximate,
  title={Approximate Bayesian estimation of coevolutionary arms races},
  author={Nuismer, Scott L and Week, Bob},
  journal={PLoS Computational Biology},
  volume={15},
  number={4},
  pages={e1006988},
  year={2019},
  publisher={Public Library of Science San Francisco, CA USA}
}

@article{week2021white,
  title={A white noise approach to evolutionary ecology},
  author={Week, Bob and Nuismer, Scott L and Harmon, Luke J and Krone, Stephen M},
  journal={Journal of Theoretical Biology},
  volume={521},
  pages={110660},
  year={2021},
  publisher={Academic Press}
}

@article{week2021coevolutionary,
  title={Coevolutionary Arms Races and the Conditions for the Maintenance of Mutualism},
  author={Week, Bob and Nuismer, Scott L},
  journal={The American Naturalist},
  year={2021}
}

@article{nuismer2022uncovering,
  title={Uncovering cryptic coevolution},
  author={Nuismer, Scott L and Week, Bob and Harmon, Luke J},
  journal={The American Naturalist},
  volume={199},
  number={6},
  pages={869--880},
  year={2022},
  publisher={The University of Chicago Press Chicago, IL}
}

@article{overcast2021unified,
  title={A unified model of species abundance, genetic diversity, and functional diversity reveals the mechanisms structuring ecological communities},
  author={Overcast, Isaac and Ruffley, Megan and Rosindell, James and Harmon, Luke and Borges, Paulo AV and Emerson, Brent C and Etienne, Rampal S and Gillespie, Rosemary and Krehenwinkel, Henrik and Mahler, D Luke and others},
  journal={Molecular Ecology Resources},
  volume={21},
  number={8},
  pages={2782--2800},
  year={2021},
  publisher={Wiley Online Library}
}

@article{ruffley2019identifying,
  title={Identifying models of trait-mediated community assembly using random forests and approximate Bayesian computation},
  author={Ruffley, Megan and Peterson, Katie and Week, Bob and Tank, David C and Harmon, Luke J},
  journal={Ecology and Evolution},
  volume={9},
  number={23},
  pages={13218--13230},
  year={2019},
  publisher={Wiley Online Library}
}

@article{week2023host,
  title={Host-Parasite Coevolution in Continuous Space Leads to Variation in Local Adaptation Across Spatial Scales},
  author={Week, Bob and Bradburd, Gideon},
  journal={The American Naturalist},
  year={2023}
}

@string{aps = {American Physical Society,}}

@book{einstein1920relativity,
  title={Relativity: the Special and General Theory},
  author={Einstein, Albert},
  year={1920},
  publisher={Methuen & Co Ltd},
  html={relativity.html}
}

@book{einstein1956investigations,
  bibtex_show={true},
  title={Investigations on the Theory of the Brownian Movement},
  author={Einstein, Albert},
  year={1956},
  publisher={Courier Corporation},
  preview={brownian-motion.gif}
}

@article{einstein1950meaning,
  abbr={AJP},
  bibtex_show={true},
  title={The meaning of relativity},
  author={Einstein, Albert and Taub, AH},
  journal={American Journal of Physics},
  volume={18},
  number={6},
  pages={403--404},
  year={1950},
  publisher={American Association of Physics Teachers}
}

@article{PhysRev.47.777,
  abbr={PhysRev},
  title={Can Quantum-Mechanical Description of Physical Reality Be Considered Complete?},
  author={Einstein, A. and Podolsky, B. and Rosen, N.},
  abstract={In a complete theory there is an element corresponding to each element of reality. A sufficient condition for the reality of a physical quantity is the possibility of predicting it with certainty, without disturbing the system. In quantum mechanics in the case of two physical quantities described by non-commuting operators, the knowledge of one precludes the knowledge of the other. Then either (1) the description of reality given by the wave function in quantum mechanics is not complete or (2) these two quantities cannot have simultaneous reality. Consideration of the problem of making predictions concerning a system on the basis of measurements made on another system that had previously interacted with it leads to the result that if (1) is false then (2) is also false. One is thus led to conclude that the description of reality as given by a wave function is not complete.},
  journal={Phys. Rev.},
  volume={47},
  issue={10},
  pages={777--780},
  numpages={0},
  year={1935},
  month={May},
  publisher=aps,
  doi={10.1103/PhysRev.47.777},
  url={http://link.aps.org/doi/10.1103/PhysRev.47.777},
  html={https://journals.aps.org/pr/abstract/10.1103/PhysRev.47.777},
  pdf={example_pdf.pdf},
  altmetric={248277},
  dimensions={true},
  google_scholar_id={qyhmnyLat1gC},
  selected={true}
}

@article{einstein1905molekularkinetischen,
  title={{\"U}ber die von der molekularkinetischen Theorie der W{\"a}rme geforderte Bewegung von in ruhenden Fl{\"u}ssigkeiten suspendierten Teilchen},
  author={Einstein, A.},
  journal={Annalen der physik},
  volume={322},
  number={8},
  pages={549--560},
  year={1905},
  publisher={Wiley Online Library}
}

@article{einstein1905movement,
  abbr={Ann. Phys.},
  title={Un the movement of small particles suspended in statiunary liquids required by the molecular-kinetic theory 0f heat},
  author={Einstein, A.},
  journal={Ann. Phys.},
  volume={17},
  pages={549--560},
  year={1905}
}

@article{einstein1905electrodynamics,
  title={On the electrodynamics of moving bodies},
  author={Einstein, A.},
  year={1905}
}

@book{przibram1967letters,
  bibtex_show={true},
  title={Letters on wave mechanics},
  author={Einstein, Albert and Schr√∂dinger, Erwin and Planck, Max and Lorentz, Hendrik Antoon and Przibram, Karl},
  year={1967},
  publisher={Vision},
  preview={wave-mechanics.gif}
}
